<?xml version='1.0' encoding='UTF-8'?>
<record xmlns="http://www.loc.gov/MARC21/slim">
  <leader>01728cam a2200337   4500</leader>
  <controlfield tag="001">2738542</controlfield>
  <controlfield tag="003">NjP</controlfield>
  <controlfield tag="005">20171006170639.0</controlfield>
  <controlfield tag="008">820531s1964    iq            000 0 arar </controlfield>
  <datafield tag="024" ind1="7" ind2=" ">
    <subfield code="a">princeton_aco001876</subfield>
    <subfield code="2">local</subfield>
  </datafield>
  <datafield ind1=" " ind2=" " tag="010">
    <subfield code="a">ne 66000235 </subfield>
  </datafield>
  <datafield ind1=" " ind2=" " tag="035">
    <subfield code="a">(OCoLC)ocn178020733</subfield>
  </datafield>
  <datafield ind1=" " ind2=" " tag="035">
    <subfield code="a">(OCoLC)ocm08478561</subfield>
  </datafield>
  <datafield ind1=" " ind2=" " tag="035">
    <subfield code="a">(OCoLC)178020733</subfield>
  </datafield>
  <datafield ind1=" " ind2=" " tag="035">
    <subfield code="9">CNC7383TS</subfield>
  </datafield>
  <datafield ind1=" " ind2=" " tag="035">
    <subfield code="a">(NjP)2738542</subfield>
  </datafield>
  <datafield ind1=" " ind2=" " tag="040">
    <subfield code="a">DLC</subfield>
    <subfield code="c">PUL</subfield>
    <subfield code="d">PUL</subfield>
  </datafield>
  <datafield ind1=" " ind2=" " tag="049">
    <subfield code="a">PULL</subfield>
  </datafield>
  <datafield ind1=" " ind2=" " tag="079">
    <subfield code="a">ocm08478561</subfield>
    <subfield code="z">ocm29865436</subfield>
  </datafield>
  <datafield ind1="1" ind2=" " tag="100">
    <subfield code="6">880-01</subfield>
    <subfield code="a">Ḥanafī, Jalāl,</subfield>
    <subfield code="e">editor.</subfield>
  </datafield>
  <datafield ind1="1" ind2="3" tag="245">
    <subfield code="6">880-02</subfield>
    <subfield code="a">al-Aymān al-Baghdādīyah,</subfield>
    <subfield code="c">taṣnīf Jalāl al-Ḥanafī. maʻ malāḥiq bi-aymān al-Ḥillīyah wa-al-Mūṣilīyah wa-al-ʻAmīrīyah wa-al-Ḥītīyah wa-al-Samarrāʼīyah wa-al-Karbalāʼīyah wa-al-Nāṣirīyah. Qaddama lahu wa-ʻallaqa ʻalayh ʻAbd al-Raḥmān al-ʻAllūjī.</subfield>
  </datafield>
  <datafield ind1=" " ind2=" " tag="260">
    <subfield code="6">880-03</subfield>
    <subfield code="a">[Baghdād]</subfield>
    <subfield code="b">Maktabat al-Nahḍah</subfield>
    <subfield code="c">[1964]</subfield>
  </datafield>
  <datafield ind1=" " ind2=" " tag="300">
    <subfield code="a">174 p.</subfield>
    <subfield code="c">24 cm.</subfield>
  </datafield>
  <datafield ind1=" " ind2=" " tag="500">
    <subfield code="a">Added t.p.: Baghdād oaths, by Jalal al-Hanafī.</subfield>
  </datafield>
  <datafield ind1=" " ind2="0" tag="650">
    <subfield code="a">Oaths.</subfield>
    <subfield code="0">http://id.loc.gov/authorities/subjects/sh85093593</subfield>
  </datafield>
  <datafield ind1=" " ind2="0" tag="650">
    <subfield code="a">Oaths (Islamic law)</subfield>
    <subfield code="0">http://id.loc.gov/authorities/subjects/sh85093598</subfield>
  </datafield>
  <datafield ind1="1" ind2=" " tag="880">
    <subfield code="6">100-01/r</subfield>
    <subfield code="a">حنفي، جلال،</subfield>
    <subfield code="e">ed.</subfield>
  </datafield>
  <datafield ind1="1" ind2="2" tag="880">
    <subfield code="6">245-02/r</subfield>
    <subfield code="a">الايمان البغدادية،</subfield>
    <subfield code="c">تصنيف جلال الحنفي. مع ملاحق بايمان الحلية والموصلية والعميرية والحيتية والسمرائية والكربلائية والناصرية. قدم له وعلق عليه عبد الرحمن العلوجي.</subfield>
  </datafield>
  <datafield ind1=" " ind2=" " tag="880">
    <subfield code="6">260-03/r</subfield>
    <subfield code="a">[بغداد]</subfield>
    <subfield code="b">مكتبة النهضة</subfield>
    <subfield code="c">[1964]</subfield>
  </datafield>
  <datafield ind1=" " ind2=" " tag="911">
    <subfield code="a">20000130</subfield>
  </datafield>
  <datafield ind1=" " ind2=" " tag="994">
    <subfield code="a">C0</subfield>
    <subfield code="b">PUL</subfield>
  </datafield>
  <datafield ind1=" " ind2=" " tag="999">
    <subfield code="a">2738542</subfield>
  </datafield>
  <datafield ind1="0" ind2="0" tag="852">
    <subfield code="0">3049133</subfield>
    <subfield code="b">nec</subfield>
    <subfield code="t">1</subfield>
    <subfield code="h">KBP1677.Y35</subfield>
    <subfield code="i">H363 1964</subfield>
  </datafield>
  <datafield ind1=" " ind2=" " tag="959">
    <subfield code="a">2009-06-29 11:18:30 -0500</subfield>
  </datafield>
</record>
